@inproceedings{lapanja2000computer,
  title={Computer vision based reliability control for electromechanical dice gambling machine},
  author={Lapanja, Iztok and Mraz, Miha and Zimic, Nikolaj},
  booktitle={Industrial Technology 2000. Proceedings of IEEE International Conference on},
  volume={2},
  pages={325--328},
  year={2000},
  organization={IEEE}
}

@inproceedings{hsu2012color,
  title={Color and illumination invariant dice recognition},
  author={Hsu, Gee-Sern and Peng, Hsiao-Chia and Yeh, Shang-Min},
  booktitle={Systems, Man, and Cybernetics (SMC), 2012 IEEE International Conference on},
  pages={857--862},
  year={2012},
  organization={IEEE}
}

@inproceedings{correia1995automated,
  title={Automated detection and classification of dice},
  author={Correia, Bento AB and Silva, Jeronimo A and Carvalho, Fernando D and Guilherme, Rui and Rodrigues, Fernando C and de Silva Ferreira, Antonio M},
  booktitle={IS\&T/SPIE's Symposium on Electronic Imaging: Science \& Technology},
  pages={196--202},
  year={1995},
  organization={International Society for Optics and Photonics}
}